@ARTICLE{BRESSAN:2007,
AUTHOR  =   {R. BRESSAN},
TITLE   =   {Dilemas da rede: web 2.0, conceitos, tecnologias e modificações},
JOURNAL =   {Intercom},
YEAR    =   {2007},
VOLUME  =   {},
NUMBER  =   {},
PAGE    =   {}
}

@ARTICLE{DINIZ:2009,
AUTHOR  =   {E. DINIZ},
TITLE   =   {O governo eletrônico no Brasil: perspectiva histórica a partir de um modelo estruturado de análise. Revista de Administração Pública},
YEAR    =   {2009},
VOLUME  =   {},
NUMBER  =   {},
PAGE    =   {}
}

@ARTICLE{FREITAS:2015,
AUTHOR  =   {J. FREITAS},
TITLE   =   {Participação Eletrônica, Transparência E Accountability No Gabinete Digital Sob a Lente Da Teoria Da Ação Comunicativa},
JOURNAL =   {},
YEAR    =   {2015},
VOLUME  =   {},
NUMBER  =   {},
PAGE    =   {}
}

@ARTICLE{FREIRE:2011,
AUTHOR  =   {G. FREIRE},
TITLE   =   {O ciberativismo na construção da ciberdemocracia: análise do portal wikicidade de Porto Alegre},
JOURNAL =   {},
YEAR    =   {2011},
VOLUME  =   {},
NUMBER  =   {},
PAGE    =   {}
}

@ARTICLE{GOMES:2005,
AUTHOR  =   {W. GOMES},
TITLE   =   {A democracia digital e o problema da participação civil na decisão política},
JOURNAL =   {Revista Fronteiras},
YEAR    =   {2005},
VOLUME  =   {Volume VIII},
NUMBER  =   {3},
PAGE    =   {}
}

@ARTICLE{GOMES:2008,
AUTHOR  =   {J. GOMES},
TITLE   =   {Investigando portais de governo eletrônico de estados no Brasil: muita tecnologia, pouca democracia},
JOURNAL =   {},
YEAR    =   {2008},
VOLUME  =   {},
NUMBER  =   {},
PAGE    =   {}
}
@ARTICLE{MACINTOSH:2004,
AUTHOR  =   {A. MACINTOSH},
TITLE   =   {Characterizing e-participation in policy-making},
JOURNAL =   {},
YEAR    =   {2004},
VOLUME  =   {},
NUMBER  =   {},
PAGE    =   {}
}
@ARTICLE{MARIA:2017,
AUTHOR  =   {A. MARIA},
TITLE   =   {Sistemas colaborativos para uma nova sociedade e um novo ser humano},
JOURNAL =   {},
YEAR    =   {2017},
VOLUME  =   {},
NUMBER  =   {},
PAGE    =   {}
}

@ARTICLE{MEDAGLIA:2011,
AUTHOR  =   {R. MEDAGLIA},
TITLE   =   {eparticipation},
JOURNAL =   {},
YEAR    =   {2011},
VOLUME  =   {},
NUMBER  =   {},
PAGE    =   {}
}

@ARTICLE{MEGALHÃES:2015,
AUTHOR  =   {A. MEGALHÃES},
TITLE   =   {Ecossistemas Digitais para o Apoio a Sistemas de Governo Abertos e Colaborativos},
JOURNAL =   {},
YEAR    =   {2015},
VOLUME  =   {},
NUMBER  =   {},
PAGE    =   {}
}

@ARTICLE{ROBERTO:2007,
AUTHOR  =   {M. ROBERTO},
TITLE   =   {A modernização da administração pública brasileira nos últimos 40 anos},
JOURNAL =   {},
YEAR    =   {2007},
VOLUME  =   {},
NUMBER  =   {},
PAGE    =   {}
}

@ARTICLE{SANTOSandGUGLIANO:2015,
AUTHOR  =   {P. SANTOS and A. GUGLIANO},
TITLE   =   {Efetividade das políticas participativas no governo brasileiro: o Conselho de Desenvolvimento Econômico e Social},
JOURNAL =   {},
YEAR    =   {20015},
VOLUME  =   {},
NUMBER  =   {},
PAGE    =   {}
}